/Users/seth/Documents/Compositions/SRJall.bib